<?xml version="1.0" encoding="UTF-8"?><collection xmlns="http://www.loc.gov/MARC21/slim"><record><leader>00441nam--2200145-i-4500</leader><controlfield tag="001">000027308</controlfield><controlfield tag="002">20161230</controlfield><controlfield tag="005">20161230201036</controlfield><controlfield tag="008">060222s1000------------r-----000-0-eng-d</controlfield><datafield ind1=" " ind2=" " tag="080"><subfield code="a">517.956.4:514.957(043)</subfield></datafield><datafield ind1=" " ind2=" " tag="100"><subfield code="a">Heron, Bernard</subfield></datafield><datafield ind1=" " ind2=" " tag="245"><subfield code="a">Une methode de pas fractionnaires permettant la prise en compte de derivees croisees.these</subfield></datafield><datafield ind1=" " ind2=" " tag="260"><subfield code="a">Paris, L`Universite, 1978. 116p</subfield></datafield><datafield ind1=" " ind2=" " tag="852"><subfield code="a">46439</subfield><subfield code="c">517.9</subfield></datafield><datafield ind1=" " ind2=" " tag="CAT"><subfield code="a">Sys</subfield><subfield code="c">20081104</subfield><subfield code="h">100507</subfield></datafield></record></collection>